@book{sayood2017introduction,
  title={Introduction to data compression},
  author={Sayood, Khalid},
  year={2017},
  publisher={Morgan Kaufmann}
}

@misc{wiki:mimuw,
  author="Krzysztof Dudzik",
  title="{W}ydzia≈Ç {MIM UW} przy ul. {P}asteura w {W}arszawie",
  year="2010",
  urlseen="2021-02-09",
  url="https://commons.wikimedia.org/wiki/File:Warszawa-Ochota,_WMIM_UW_1.jpg",
}